% Encoding: UTF-8

@article{duminil2019sharp,
  title={Sharp threshold phenomena in statistical physics},
  author={Duminil-Copin, Hugo},
  journal={Japanese Journal of Mathematics},
  volume={14},
  number={1},
  pages={1--25},
  year={2019},
  publisher={Springer}
}

@article{erdos1959random,
  title={On random graphs {I}},
  author={Erd{\"o}s, P and R{\'e}nyi, A},
  journal={Publicationes Mathematicae},
  volume={6},
  pages={290--297},
  year={1959}
}

@article{margulis1974probabilistic,
  title={Probabilistic characteristics of graphs with large connectivity},
  author={Margulis, Grigorii Aleksandrovich},
  journal={Problemy peredachi informatsii},
  volume={10},
  number={2},
  pages={101--108},
  year={1974},
  publisher={Russian Academy of Sciences, Branch of Informatics, Computer Equipment and~…}
}

@article{russo1981critical,
  title={On the critical percolation probabilities},
  author={Russo, Lucio},
  journal={Zeitschrift f{\"u}r Wahrscheinlichkeitstheorie und verwandte Gebiete},
  volume={56},
  number={2},
  pages={229--237},
  year={1981},
  publisher={Springer}
}
@article{russo1982approximate,
  title={An approximate zero-one law},
  author={Russo, Lucio},
  journal={Probability Theory and Related Fields},
  volume={61},
  number={1},
  pages={129--139},
  year={1982},
  publisher={Springer}
}
@inproceedings{kahn1988influence,
  title={The influence of variables on {B}oolean functions},
  author={Kahn, Jeff and Kalai, Gil and Linial, Nathan},
  booktitle={29th Annual Symposium on Foundations of Computer Science},
  pages={68--80},
  year={1988},
  organization={IEEE}
}
@article{beckner1975inequalities,
  author = {William Beckner},
  journal = {Annals of Mathematics},
  number = {1},
  pages = {159--182},
  publisher = {Annals of Mathematics},
  title = {Inequalities in {F}ourier {A}nalysis},
  volume = {102},
  year = {1975}
}
@inproceedings{bonami1970etude,
  title={{\'E}tude des coefficients de Fourier des fonctions de {$L^p(G)$}},
  author={Bonami, Aline},
  booktitle={Annales de l'institut Fourier},
  volume={20},
  pages={335--402},
  year={1970}
}
@article{bourgain1992influence,
  title={The influence of variables in product spaces},
  author={Bourgain, Jean and Kahn, Jeff and Kalai, Gil and Katznelson, Yitzhak and Linial, Nathan},
  journal={Israel Journal of Mathematics},
  volume={77},
  number={1-2},
  pages={55--64},
  year={1992},
  publisher={Springer}
}
@article{talagrand1994russo,
  title={On {R}usso's approximate zero-one law},
  author={Talagrand, Michel and others},
  journal={The Annals of Probability},
  volume={22},
  number={3},
  pages={1576--1587},
  year={1994},
  publisher={Institute of Mathematical Statistics}
}
@misc{lecturenotes2007donnell,
  title={Lecture 16 of ``{A}nalysis of {B}oolean functions''},
  author={Ryan O'Donnell},
  howpublished = "\url{http://www.cs.cmu.edu/~odonnell/boolean-analysis/}",
  year={2007},
  note = "[Acesso em 12-Novembro-2019]"
}
@inproceedings{yao1977probabilistic,
  title={Probabilistic computations: {T}oward a unified measure of complexity},
  author={Yao, Andrew Chi Chin},
  booktitle={18th Annual Symposium on Foundations of Computer Science (sfcs 1977)},
  pages={222--227},
  year={1977},
  organization={IEEE}
}
@inproceedings{o2005every,
  title={Every decision tree has an influential variable},
  author={O'Donnell, Ryan and Saks, Michael and Schramm, Oded and Servedio, Rocco A},
  booktitle={46th Annual IEEE Symposium on Foundations of Computer Science (FOCS'05)},
  pages={31--39},
  year={2005},
  organization={IEEE}
}
@article{kesten1980critical,
  title={The critical probability of bond percolation on the square lattice equals 1/2},
  author={Kesten, H.},
  journal={Communications in mathematical physics},
  volume={74},
  number={1},
  pages={41--59},
  year={1980}
}
@article{bollobas2006critical,
  title={The critical probability for random {V}oronoi percolation in the plane is 1/2},
  author={Bollob{\'a}s, B{\'e}la and Riordan, Oliver},
  journal={Probability theory and related fields},
  volume={136},
  number={3},
  pages={417--468},
  year={2006},
  publisher={Springer}
}
@book{bollobas2006percolation,
  title={Percolation},
  author={Bollob{\'a}s, B{\'e}la and Riordan, Oliver},
  year={2006},
  publisher={Cambridge University Press}
}
@article{bollobas2006short,
  title={A short proof of the {H}arris--{K}esten theorem},
  author={Bollob{\'a}s, B{\'e}la and Riordan, Oliver},
  journal={Bulletin of the London Mathematical Society},
  volume={38},
  number={3},
  pages={470--484},
  year={2006},
  publisher={Cambridge University Press}
}
@article{aizenman1987sharpness,
  title={Sharpness of the phase transition in percolation models},
  author={Aizenman, Michael and Barsky, David J},
  journal={Communications in Mathematical Physics},
  volume={108},
  number={3},
  pages={489--526},
  year={1987},
  publisher={Springer}
}
@inproceedings{menshikov1986coincidence,
  title={Coincidence of critical points in percolation problems},
  author={Menshikov, Mikhail V},
  booktitle={Soviet Mathematics Doklady},
  volume={33},
  pages={856--859},
  year={1986}
}
@article{duminil2016new,
  title={A new proof of the sharpness of the phase transition for {B}ernoulli percolation and the {I}sing model},
  author={Duminil-Copin, Hugo and Tassion, Vincent},
  journal={Communications in Mathematical Physics},
  volume={343},
  number={2},
  pages={725--745},
  year={2016},
  publisher={Springer}
}
@article{duminil2016newzd,
  title={A new proof of the sharpness of the phase transition for {B}ernoulli percolation on {$\ZX^d$}},
  author={Duminil-Copin, Hugo and Tassion, Vincent},
  journal={L'Enseignement Math{\'e}matique},
  volume={62},
  pages={199--206},
  year={2016}
}
@article{duminil2019sharpdecisiontree,
  title={Sharp phase transition for the random-cluster and {P}otts models via decision trees},
  author={Duminil-Copin, Hugo and Raoufi, Aran and Tassion, Vincent},
  journal={Annals of Mathematics},
  volume={189},
  number={1},
  pages={75--99},
  year={2019},
  publisher={JSTOR}
}
@article{liggett1997domination,
  title={Domination by product measures},
  author={Liggett, Thomas M and Schonmann, Roberto H and Stacey, Alan M and others},
  journal={The Annals of Probability},
  volume={25},
  number={1},
  pages={71--95},
  year={1997},
  publisher={Institute of Mathematical Statistics}
}
@article{fortuin1972random,
  title={On the random-cluster model: {I}. {I}ntroduction and relation to other models},
  author={Fortuin, Cornelius Marius and Kasteleyn, Piet W},
  journal={Physica},
  volume={57},
  number={4},
  pages={536--564},
  year={1972},
  publisher={Elsevier}
}
@book{grimmett2004random,
  title={The random-cluster model},
  author={Grimmett, Geoffrey},
  year={2004},
  publisher={Springer}
}
@article{beffara2012self,
  title={The self-dual point of the two-dimensional random-cluster model is critical for {$q \geq 1$}},
  author={Beffara, Vincent and Duminil-Copin, Hugo},
  journal={Probability Theory and Related Fields},
  volume={153},
  number={3-4},
  pages={511--542},
  year={2012},
  publisher={Springer}
}
@article{duminil2016phase,
  title={The phase transitions of the planar random-cluster and Potts models with {$q \geq 1$} are sharp},
  author={Duminil-Copin, Hugo and Manolescu, Ioan},
  journal={Probability Theory and Related Fields},
  volume={164},
  number={3-4},
  pages={865--892},
  year={2016},
  publisher={Springer}
}
@article{duminil2018new,
  title={A new computation of the critical point for the planar random-cluster model with {$q \geq 1$}},
  author={Duminil-Copin, Hugo and Raoufi, Aran and Tassion, Vincent and others},
  journal={Annales de l'Institut Henri Poincar{\'e}, Probabilit{\'e}s et Statistiques},
  volume={54},
  number={1},
  pages={422--436},
  year={2018},
  publisher={Institut Henri Poincar{\'e}}
}
@misc{reu2016Spiro,
  title={{REU 2016}. {F}ourier {A}nalysis of {B}oolean {F}unctions},
  author={Sam Spiro},
  howpublished = "\url{http://math.uchicago.edu/~may/REU2016/REUPapers/Spiro.pdf}",
  year={2016},
  note = "[Acesso em 12-Novembro-2019]"
}
@misc{lectures2010Bernardo,
  title={{V} {S}impósio {N}acional {|} {J}ornadas de {I}niciação {C}ientífica. {I}ntrodução à {P}ercolação},
  author={Bernardo N. B. de Lima},
  howpublished = "\url{https://www.youtube.com/playlist?list=PLo4jXE-LdDTSGOAA88TVAqiLJoeNG_YSs}",
  year={2010},
  note = "[Acesso em 15-Maio-2020]"
}
@book{grimmett1999percolation,
  title={Percolation},
  author={Grimmett, Geoffrey},
  year={1999},
  publisher={Springer}
}
@article{friedgut1996every,
  title={Every monotone graph property has a sharp threshold},
  author={Friedgut, Ehud and Kalai, Gil},
  journal={Proceedings of the American mathematical Society},
  volume={124},
  number={10},
  pages={2993--3002},
  year={1996}
}
@inproceedings{harris1960lower,
  title={A lower bound for the critical probability in a certain percolation process},
  author={Harris, Theodore E},
  booktitle={Mathematical Proceedings of the Cambridge Philosophical Society},
  volume={56},
  number={1},
  pages={13--20},
  year={1960},
  organization={Cambridge University Press}
}







