@article{duminil2019sharp,
  title={{Sharp Threshold Phenomena in Statistical Physics}},
  author={Duminil-Copin, Hugo},
  journal={Japanese Journal of Mathematics},
  volume={14},
  number={1},
  pages={1--25},
  year={2019},
  publisher={Springer}
}

@article{kesten1980critical,
  title={The critical probability of bond percolation on the square lattice equals 1/2},
  author={Kesten, H.},
  journal={Communications in mathematical physics},
  volume={74},
  number={1},
  pages={41--59},
  year={1980}
}

@article{aizenman1987sharpness,
  title={Sharpness of the phase transition in percolation models},
  author={Aizenman, Michael and Barsky, David J},
  journal={Communications in Mathematical Physics},
  volume={108},
  number={3},
  pages={489--526},
  year={1987},
  publisher={Springer}
}

@article{menshikov1986coincidence,
  title={Coincidence of critical points in percolation problems},
  author={Menshikov, Mikhail V},
  journal={Soviet Mathematics Doklady},
  volume={33},
  pages={856--859},
  year={1986}
}

@article{duminil2016newzd,
  title={A new proof of the sharpness of the phase transition for Bernoulli percolation on {$\ZX^d$}},
  author={Duminil-Copin, Hugo and Tassion, Vincent},
  journal={L'Enseignement Math{\'e}matique},
  volume={62},
  pages={199--206},
  year={2016}
}

@article{duminil2019sharpdecision,
  title={{Sharp phase transition for the random-cluster and Potts models via decision trees}},
  author={Duminil-Copin, Hugo and Raoufi, Aran and Tassion, Vincent},
  journal={Annals of Mathematics},
  volume={189},
  number={1},
  pages={75--99},
  year={2019},
  publisher={JSTOR}
}
@article{beffara2012self,
  title={The self-dual point of the two-dimensional random-cluster model is critical for {$q \geq 1$}},
  author={Beffara, Vincent and Duminil-Copin, Hugo},
  journal={Probability Theory and Related Fields},
  volume={153},
  number={3-4},
  pages={511--542},
  year={2012},
  publisher={Springer}
}
