@article{duminil2019sharp,
  title={{Sharp Threshold Phenomena in Statistical Physics}},
  author={Duminil-Copin, Hugo},
  journal={Japanese Journal of Mathematics},
  volume={14},
  number={1},
  pages={1--25},
  year={2019},
  publisher={Springer}
}

